@article{KushalnagarMontenegroSchumacher2007,
   AUTHOR      = {Kushalnagar, N and Montenegro, G and Schumacher, C},
   TITLE       = {IPv6 over Low-Power Wireless Personal Area Networks(6LoWPANs): Overview, assumptions, Problem statements, and Goals},
   YEAR        = {2007},
   MONTH       = {Aug},
   PAGES       = {1--2}
}

@article{WalkeDecker1993,
  AUTHOR       = {Walke, B. and Decker, P.},
  TITLE        = {Mobile Datenkommunikation - Eine bersicht},
  JOURNAL      = {Informationstechnik und Technische Informatik},
  YEAR         = {1993},
  MONTH        = {Mai},
  NUMBER       = {35},
  PAGES        = {12--24}
}

@mastersthesis{Steppler1994,
  AUTHOR       = {Steppler, M.},
  TITLE        = {Leistungsbewertung des Vielfachzugriffsprotokolls
                  des Bndelfunksystems TETRA},
  YEAR         = {1994},
  SCHOOL       = cn,
  MONTH        = {November},
  TYPE         = {Diplomarbeit}
}
                  
@book{Sedgewick1992,
  AUTHOR       = {Sedgewick, R.},
  ADDRESS      = {Reading, Massachusetts},
  PUBLISHER    = {Addison-Wesley},
  TITLE        = {Algorithms in C++},
  YEAR         = {1992}
}

@manual{ShelbyBormann2009,
  AUTHOR       = {Junius, M. and Arefzadeh, S.},
  ORGANIZATION = cn,
  TITLE        = {CNCL -- ComNets Class Library},
  YEAR         = {1993}
}

@studienarbeit{Steppler1993,
  AUTHOR       = {Steppler, M.},
  TITLE        = {Objektverwaltung der ComNets Class Library},
  SCHOOL       = cn,
  MONTH        = {Juli},
  YEAR         = {1993}
}

@misc{Haupt1992,
  AUTHOR       = {Haupt, D.},
  HOWPUBLISHED = {Vorlesung an der RWTH Aachen},
  TITLE        = {Bl"atter zur Vorlesung Internprogrammierung und
                    Betriebssysteme I},
  YEAR         = {1992/93}
}
